@techreport{koenig1992complexity,
  title={Complexity analysis of real-time reinforcement learning applied to finding shortest paths in deterministic domains},
  author={Koenig, Sven and Simmons, Reid G},
  year={1992},
  institution={DTIC Document}
}

@book{sutton1998reinforcement,
  title={Reinforcement learning: An introduction},
  author={Sutton, Richard S and Barto, Andrew G},
  volume={1},
  number={1},
  year={1998},
  publisher={MIT press Cambridge}
}